<?xml version="1.0" encoding="UTF-8"?><collection xmlns="http://www.loc.gov/MARC21/slim"><record><leader>00390nam--2200133-i-4500</leader><controlfield tag="001">000046007</controlfield><controlfield tag="002">20161230</controlfield><controlfield tag="005">20161230201045</controlfield><controlfield tag="008">060222s1000------------r-----000-0-eng-d</controlfield><datafield ind1=" " ind2=" " tag="080"><subfield code="a">002(07)</subfield></datafield><datafield ind1=" " ind2=" " tag="100"><subfield code="a">Van Der Brugghen, W</subfield></datafield><datafield ind1=" " ind2=" " tag="245"><subfield code="a">Cours d`introduction a la documentation aide-memoire synoptique</subfield></datafield><datafield ind1=" " ind2=" " tag="260"><subfield code="a">La Haye, Federation Internationale De Documentation, 1972, 93p</subfield></datafield><datafield ind1=" " ind2=" " tag="852"><subfield code="a">39796</subfield></datafield></record></collection>